@inproceedings{owens2003hawk,
  title={Hawk-eye tennis system},
  author={Owens, NEIL and Harris, C and Stennett, C},
  booktitle={Visual Information Engineering, 2003. VIE 2003. International Conference on},
  pages={182--185},
  year={2003},
  organization={IET}
}

@inproceedings{mao2007background,
  title={Background subtraction for realtime tracking of a tennis ball.},
  author={Mao, Jinzi and Mould, David and Subramanian, Sriram},
  booktitle={VISAPP (2)},
  pages={427--434},
  year={2007},
  organization={Citeseer}
}

@article{archana2015object,
  title={Object detection and tracking based on trajectory in broadcast tennis video},
  author={Archana, M and Geetha, M Kalaisevi},
  journal={Procedia Computer Science},
  volume={58},
  pages={225--232},
  year={2015},
  publisher={Elsevier}
}

@inproceedings{yu2004trajectory,
  title={A trajectory-based ball detection and tracking algorithm in broadcast tennis video},
  author={Yu, Xinguo and Sim, C-H and Wang, Jenny R and Cheong, Loong Fah},
  booktitle={Image Processing, 2004. ICIP'04. 2004 International Conference on},
  volume={2},
  pages={1049--1052},
  year={2004},
  organization={IEEE}
}

@inproceedings{polceanu2018real,
  title={Real Time Tennis Match Tracking with Low Cost Equipment},
  author={Polceanu, Mihai and Petac, Andreea-Oana and Lebsir, Hassan Ben and Fiter, Bruno and Buche, C{\'e}dric},
  booktitle={FLAIRS-31},
  pages={197--200},
  year={2018}
}

@inproceedings{yan2005tennis,
  title={A tennis ball tracking algorithm for automatic annotation of tennis match},
  author={Yan, Fei and Christmas, W and Kittler, Josef},
  booktitle={British machine vision conference},
  volume={2},
  pages={619--628},
  year={2005}
}

@article{zhou2015tennis,
  title={Tennis ball tracking using a two-layered data association approach},
  author={Zhou, Xiangzeng and Xie, Lei and Huang, Qiang and Cox, Stephen J and Zhang, Yanning},
  journal={IEEE Transactions on Multimedia},
  volume={17},
  number={2},
  pages={145--156},
  year={2015},
  publisher={IEEE}
}

@inproceedings{rozumnyi2017world,
  title={The World of Fast Moving Objects.},
  author={Rozumnyi, Denys and Kotera, Jan and Sroubek, Filip and Novotn{\`y}, Luk{\'a}s and Matas, Jiri},
  booktitle={CVPR},
  pages={4838--4846},
  year={2017}
}

@article{hrabalik2017implementing,
  title={Implementing and applying fast moving object detection on mobile devices},
  author={Hrabal{\'\i}k, Ale{\v{s}}},
  year={2017},
  publisher={{\v{C}}esk{\'e} vysok{\'e} u{\v{c}}en{\'\i} technick{\'e} v Praze. Vypo{\v{c}}etn{\'\i} a informa{\v{c}}n{\'\i} centrum.}
}

@inproceedings{pingali1998real,
  title={Real time tracking for enhanced tennis broadcasts},
  author={Pingali, Gopal Sarma and Jean, Yves and Carlbom, Ingrid},
  booktitle={Computer Vision and Pattern Recognition, 1998. Proceedings. 1998 IEEE Computer Society Conference on},
  pages={260--265},
  year={1998},
  organization={IEEE}
}

@inproceedings{teachabarikiti2010players,
  title={Players tracking and ball detection for an automatic tennis video annotation},
  author={Teachabarikiti, Kosit and Chalidabhongse, Thanarat H and Thammano, Arit},
  booktitle={Control Automation Robotics \& Vision (ICARCV), 2010 11th International Conference on},
  pages={2461--2494},
  year={2010},
  organization={IEEE}
}

@article{wang1998unsupervised,
  title={Unsupervised video segmentation based on watersheds and temporal tracking},
  author={Wang, Demin},
  journal={IEEE Transactions on Circuits and Systems for video Technology},
  volume={8},
  number={5},
  pages={539--546},
  year={1998},
  publisher={IEEE}
}

@inproceedings{conaire2009tennissense,
  title={Tennissense: A platform for extracting semantic information from multi-camera tennis data},
  author={Conaire, Ciar{\'a}n {\'O} and Kelly, Philip and Connaghan, Damien and O'Connor, Noel E},
  booktitle={Digital Signal Processing, 2009 16th International Conference on},
  pages={1--6},
  year={2009},
  organization={IEEE}
}

@inproceedings{gabriel2003state,
  title={The state of the art in multiple object tracking under occlusion in video sequences},
  author={Gabriel, Pierre F and Verly, Jacques G and Piater, Justus H and Genon, Andr{\'e}},
  booktitle={Advanced Concepts for Intelligent Vision Systems},
  pages={166--173},
  year={2003}
}

@inproceedings{pingali2000ball,
  title={Ball tracking and virtual replays for innovative tennis broadcasts},
  author={Pingali, Gopal and Opalach, Agata and Jean, Yves},
  booktitle={Pattern Recognition, 2000. Proceedings. 15th International Conference on},
  volume={4},
  pages={152--156},
  year={2000},
  organization={IEEE}
}

@article{faziotennis,
  title={Tennis Ball Tracking: 3D Trajectory Estimation using Smartphone Videos},
  author={Fazio, Megan and Fisher, Kyle and Fujinami, Tori}
}

@inproceedings{ekinci2008ball,
  title={A ball tracking system for offline tennis videos},
  author={Ekinci, Baris David and Gokmen, Muhittin},
  booktitle={Proceedings of the 1st WSEAS international conference on Visualization, imaging and simulation},
  pages={45--48},
  year={2008},
  organization={World Scientific and Engineering Academy and Society (WSEAS)}
}

@article{huang2017optimal,
  title={An Optimal Image Segmentation Clustering Algorithm for Badminton Sport Moving Tracking Applications from Video Sequences},
  author={Huang, Mr Yu-kai and Huang, Chia-ping},
  journal={IJCSIS},
  year={2017}
}

@inproceedings{reno1758convolutional,
  title={Convolutional Neural Networks based ball detection in tennis games},
  author={Reno, Vito and Mosca, Nicola and Marani, Roberto and Nitti, Massimiliano and Dâ€™Orazio, Tiziana and Stella, Ettore},
  booktitle={Proceedings of the IEEE Conference on Computer Vision and Pattern Recognition Workshops},
  volume={1764},
  year={1758}
}

@inproceedings{qazi2015automated,
  title={Automated ball tracking in tennis videos},
  author={Qazi, Tayeba and Mukherjee, Prerana and Srivastava, Siddharth and Lall, Brejesh and Chauhan, Nathi Ram},
  booktitle={Image Information Processing (ICIIP), 2015 Third International Conference on},
  pages={236--240},
  year={2015},
  organization={IEEE}
}

@article{kamble2017ball,
  title={Ball tracking in sports: a survey},
  author={Kamble, Paresh R and Keskar, Avinash G and Bhurchandi, Kishor M},
  journal={Artificial Intelligence Review},
  pages={1--51},
  year={2017},
  publisher={Springer}
}

@misc{In/Out,
  title = {{In/Out The Portable Ready-to-Use Line Call Device}},
  howpublished = {\url{https://inout.tennis/}},
  note = {Accessed: 2019-01-18}
}

@Inbook{Sonka1993,
author="Sonka, Milan
and Hlavac, Vaclav
and Boyle, Roger",
title="Image pre-processing",
bookTitle="Image Processing, Analysis and Machine Vision",
year="1993",
publisher="Springer US",
address="Boston, MA",
pages="56--111",
abstract="Pre-processing is a common name for operations with images at the lowest level of abstraction --- both input and output are intensity images. These iconic images are of the same kind as the original data captured by the sensor, with an intensity image usually represented by a matrix of image function values (brightnesses). The aim of pre-processing is an improvement of the image data that suppresses unwilling distortions or enhances some image features important for further processing, although geometric transformations of images (e.g. rotation, scaling, translation) are classified among pre-processing methods here since similar techniques are used.",
isbn="978-1-4899-3216-7",
doi="10.1007/978-1-4899-3216-7_4",
url="https://doi.org/10.1007/978-1-4899-3216-7_4"
}

@article{kanan2012color,
  title={Color-to-grayscale: does the method matter in image recognition?},
  author={Kanan, Christopher and Cottrell, Garrison W},
  journal={PloS one},
  volume={7},
  number={1},
  pages={e29740},
  year={2012},
  publisher={Public Library of Science}
}